@inproceedings{de2013model,
  title={Model for estimating QoE of Video delivered using HTTP Adaptive Streaming},
  author={De Vriendt, Johan and De Vleeschauwer, Danny and Robinson, David},
  booktitle={Integrated Network Management (IM 2013), 2013 IFIP/IEEE International Symposium on},
  pages={1288--1293},
  year={2013},
  organization={IEEE}
}
@inproceedings{stockhammer2011dynamic,
  title={Dynamic adaptive streaming over HTTP--: standards and design principles},
  author={Stockhammer, Thomas},
  booktitle={Proceedings of the second annual ACM conference on Multimedia systems},
  pages={133--144},
  year={2011},
  organization={ACM}
}
@inproceedings{lievens:icce15,
  author        = "Lievens, J. and Munteanu, A. and De Vleeschauwer, D. and Van Leekwijck, W.",
  title         = {Perceptual video quality assessment in HTTP adaptive streaming},
  booktitle     = "Consumer Electronics (ICCE), 2015 IEEE International Conference on",
  month         = "Jan",
  pages				= {72-73},
	doi = {10.1109/ICCE.2015.7066323},
  year          = 2015
}

@inproceedings{wu:iwqos15,
  author        = "Wu, T. and Huysegems. R. and Bostoen, T.",
  title         = {Scalable Network-Based Video-Freeze Detection for HTTP Adaptive Streaming},
  booktitle     = "IEEE/ACM International Symposium on Quality of Service",
  month         = "June",
  intype				= {to appear in},
  year          = 2015
}


@inproceedings{Petrangeli:qcman15,
  author        = "Petrangeli, S. and Tim Wauters, T. and Huysegems, R. and Bostoen, T. and De Turck, F.",
  title         = {Network-based Dynamic Prioritization of HTTP Adaptive Streams to Avoid Video Freezes},
  booktitle     = "QCMAN 2015 - Third IFIP/IEEE International Workshop on Quality of Experience Centric Management",
  month         = "May",
  intype				= {to appear in},
  year          = 2015
}


@inproceedings{Hossfeld:qomex12,
  author        = "Hossfeld, T. and Egger, S. and Schatz, R. and Fiedler, M. and Masuch, K. and Lorentzen, C. ",
  title         = "Initial delay vs. interruptions: Between the devil and the deep blue sea",
  booktitle     = "Quality of Multimedia Experience (QoMEX), 2012 Fourth International Workshop on",
  month         = "July",
  pages	       = "1-6",  
  year          = 2012
}

@inproceedings{whiteson:adprl11,
  author        = "Shimon Whiteson and Brian Tanner and Matthew E. Taylor and Peter Stone",
  title         = "Protecting Against Evaluation Overfitting in Empirical Reinforcement Learning",
  booktitle     = "ADPRL 2011: Proceedings of the IEEE Symposium on Adaptive Dynamic Programming and Reinforcement Learning",
  month         = "April",
  pages	       = "120-127",  
  year          = 2011
}
@BOOK{sutton:RLintroduction,
   author = "R. S. Sutton and A. G. Barto ",
   title= "Reinforcement learning: an introduction",
   publisher = "MIT Press, Cambridge, MA",
   year = 1998
   }
	
@inproceedings{Fameay:IM11,
  author        = "J. Famaey and T. Wauters and F. De Turck",
  title         = "On the Merits of Popularity Prediction in Multimedia Content Caching",
  booktitle     = "Proc. the 12th IFIP/IEEE International Symposium on Integrated Network Management (IM)",
  year          = "2011",
  address				= "Dublin, Ireland"
}

@misc{clickModular,
  title = {Click Modular Router},
  howpublished = "\url{http://read.cs.ucla.edu/click/click}",
  year = {2010}, 
  note = "[Online; accessed July, 2013]"
}

@misc{adobe:dynamic,
  author = {Adobe},
  title = "{HTTP} Dynamic Streaming: Flexible delivery of on-demand and live video streaming",
  howpublished = "\url{http://www.adobe.com/products/hds-dynamic-streaming.html}",
  year = {2010}, 
  note = "[Online; accessed Feb, 2015]"
}
@misc{apple:live,
  author = {R. Pantos and W. May},
  title = {{HTTP} Live Streaming Overview},
  howpublished = "\url{http://tools.ietf.org/html/draft-pantos-http-live-streaming-13}",
  year = {2014}, 
  note = "[Online; accessed Feb, 2015]"
}
@misc{ms:iis,
  author = {Microsoft},
  title = {Smooth Streaming},
  howpublished = "\url{http://www.iis.net/downloads/microsoft/smooth-streaming}",
  year = {2008}, 
  note = "[Online; accessed Feb, 2015]"
}

@inproceedings{mok:im11,
	author			  = "R. Mok and E. Chan and R. Chang",
  title         = {Measuring the Quality of Experience of {HTTP} video streaming},
  booktitle     = "Proc. IFIP/IEEE International Symposium on Integrated Network Management (IM)",
  month					= may,
  year          = "2011",
  pages					= "485-492"
}

@inproceedings{claeys:aamas2013,
	author			  = "M. Claeys and S. Latr\'{e} and J. Famaey and T. Wu and W. {Van Leekwijck} and F. {De Turck}",
  title         = "Design of a {Q}-Learning-based Client Quality Selection Algorithm for {HTTP} Adaptive Video Streaming",
  booktitle     = "Proc. Conference on autonomous agents and multiagent systems",
  pages         = {30-37},
	month					= may,
  year          = "2013"
}

@inproceedings{devriendt:qcman2013,
	author			  = "J. {De Vriendt} and D. {De Vleeschauwer} and D. Robinson",
  title         = "Model for estimating {QoE} of Video delivered using {HTTP} Adaptive Streaming",
  booktitle     = "{Proc. IFIP/IEEE Workshop on QoE CENTRIC Management}",
  month					= may,
  year          = "2013",
	pages         = {1288-1293}
}
@inproceedings{Liu:mmsys11,
 author = {Liu, Chenghao and Bouazizi, Imed and Gabbouj, Moncef},
 title = {Rate adaptation for adaptive HTTP streaming},
 booktitle = {ACM MMSys},
 year = {2011},
 pages = {169-174}
} 

@inproceedings{huang:fhmn13,
  author        = "Huang, T-Y. and Johari, R. and McKeown, N.",
  title         = "Downton Abbey without the Hiccups: Buffer-based Rate Adaptation for HTTP Video Streaming",
  booktitle     = "{ACM FhMN}",
  month         = aug,
  pages	       = "{9-14}",  
  year          = 2013
}

@inproceedings{tian:conext12,
  author        = "Tian. S, and Liu. Y",
  title         = "Towards Agile and Smooth Video Adaptation in Dynamic {HTTP} Streaming",
  booktitle     = "{ACM CoNEXT}",
  month         = dec,
  pages	       = "109-120",  
  year          = 2011
}


@inproceedings{cicco:mmsys12,
  author        = "De Cicco, L. and Mascolo, S. and Palmisano V.",
  title         = "Feedback Control for Adaptive Live Video Streaming",
  booktitle     = "{ACM MMSys}",
  month         = Feb,
  pages	       = "145-156",  
  year          = 2011
}


@inproceedings{Akhshabi:nossdav12,
  author        = "Akhshabi, S. and Anantakrishnan, L. and Dovrolis, C. and Begen, A.",
  title         = "What Happens When {HTTP} Adaptive Streaming Players Compete for Bandwidth?",
  booktitle     = "ACM NOSSDAV",
  month         = "June",
  pages	       = "9-14",  
  year          = 2012
}

@inproceedings{huang:imc12,
  author        = "Huang, T.-Y and Handigol, N. and Heller, B. and McKeown, N and Johari, R",
  title         = "Confused, Timid, and Unstable: Picking a Video Streaming Rate is Hard",
  booktitle     = "ACM Internet Measurement Conference",
  month         = "November",
  pages	       = "225-238",  
  year          = 2012
}

@inproceedings{Balachandran:sigcomm13,
  author        = "Balachandran, A. and Sekar, V. and Akella, A. and Seshan, S. and Stoica, I and Zhang, H.",
  title         = "Developing a Predictive Model of Quality of Experience for Internet Video",
  booktitle     = "{ACM SIGCOMM}",
  month         = aug,
  pages	       = "{339-350}",  
  year          = 2013
}

@inproceedings{isoiec-23009,
  author        = "{ISO/IEC DIS 23009}",
	title = "Dynamic adaptive streaming over HTTP (DASH)",
  booktitle         = "Dynamic adaptive streaming over HTTP (DASH)",
  year          = 2011
}

@misc{convivaA:2013,
  author = "Conviva",
  title = "2013 Viewer Experience Report",
  howpublished = "\url{http://www.conviva.com/vxr-home/}",
  year = {2013}, 
  note = "[Online; accessed Feb, 2015]"
}

@misc{convivaB:2014,
  author = "Conviva",
  title = "2014 Viewer Experience Report",
  howpublished = "\url{http://www.conviva.com/vxr-home/}",
  year = {2014}, 
  note = "[Online; accessed Feb, 2015]"
}
@misc{convivaC:2015,
  author = "Conviva",
  title = "2015 Viewer Experience Report",
  howpublished = "\url{http://www.conviva.com/vxr-home/}",
  year = {2015}, 
  note = "[Online; accessed Feb, 2015]"
}

@article{benno:bltj11,
  author        = "Benno,	S. and Esteban, J. O. and Rimac, I. ",
  title         = "Adaptive streaming: The network HAS to help",
  journal       = "Bell Labs Technical Journal",
  volume        = "16",
  number				= "2",
  year          = "2011",
  pages         = "101-114"
}

@inproceedings{Huysegems:2012:SRH:2330748.2330763,
 author = {Huysegems, Raf and De Vleeschauwer, Bart and De Schepper, Koen and Hawinkel, Chris and Wu, Tingyao and Laevens, Koen and Van Leekwijck, Werner},
 title = "{S}ession Reconstruction for {HTTP} Adaptive Streaming: Laying the Foundation for Network-based {QoE} Monitoring",
 booktitle = {Proceedings of the 2012 IEEE 20th International Workshop on Quality of Service},
 series = {IWQoS '12},
 year = {2012},
 isbn = {978-1-4673-1298-1},
 location = {Coimbra, Portugal},
 pages = {15:1--15:9},
 articleno = {15},
 numpages = {9},
 url = {http://dl.acm.org/citation.cfm?id=2330748.2330763},
 acmid = {2330763},
 publisher = {IEEE Press},
 keywords = {HTTP streaming, QoE, adaptive streaming, quality monitoring},
} 
@article{Hall:2009:WDM:1656274.1656278,
 author = {Hall, Mark and Frank, Eibe and Holmes, Geoffrey and Pfahringer, Bernhard and Reutemann, Peter and Witten, Ian H.},
 title = {The WEKA Data Mining Software: An Update},
 journal = {SIGKDD Explor. Newsl.},
 issue_date = {June 2009},
 volume = {11},
 number = {1},
 month = nov,
 year = {2009},
 issn = {1931-0145},
 pages = {10--18},
 numpages = {9},
 url = {http://doi.acm.org/10.1145/1656274.1656278},
 doi = {10.1145/1656274.1656278},
 acmid = {1656278},
 publisher = {ACM},
 address = {New York, NY, USA},
} 

@book{Mitchell:1997:ML:541177,
 author = {Mitchell, Thomas M.},
 title = {Machine Learning},
 year = {1997},
 isbn = {0070428077, 9780070428072},
 edition = {1},
 publisher = {McGraw-Hill, Inc.},
 address = {New York, NY, USA},
} 

@inproceedings{Akhshabi:2011:EER:1943552.1943574,
 author = {Akhshabi, Saamer and Begen, Ali C. and Dovrolis, Constantine},
 title = {An Experimental Evaluation of Rate-adaptation Algorithms in Adaptive Streaming over HTTP},
 booktitle = {Proceedings of the Second Annual ACM Conference on Multimedia Systems},
 series = {MMSys '11},
 year = {2011},
 isbn = {978-1-4503-0518-1},
 location = {San Jose, CA, USA},
 pages = {157--168},
 numpages = {12},
 url = {http://doi.acm.org/10.1145/1943552.1943574},
 doi = {10.1145/1943552.1943574},
 acmid = {1943574},
 publisher = {ACM},
 address = {New York, NY, USA},
 keywords = {adaptive streaming, experimental evaluation, rate adaptation algorithm, video streaming over http},
} 

@inproceedings{DeCicco:2011:FCA:1943552.1943573,
 author = {De Cicco, Luca and Mascolo, Saverio and Palmisano, Vittorio},
 title = {Feedback Control for Adaptive Live Video Streaming},
 booktitle = {Proceedings of the Second Annual ACM Conference on Multimedia Systems},
 series = {MMSys '11},
 year = {2011},
 isbn = {978-1-4503-0518-1},
 location = {San Jose, CA, USA},
 pages = {145--156},
 numpages = {12},
 url = {http://doi.acm.org/10.1145/1943552.1943573},
 doi = {10.1145/1943552.1943573},
 acmid = {1943573},
 publisher = {ACM},
 address = {New York, NY, USA},
 keywords = {adaptive video streaming, quality adaptation controller, quality feedback control},
} 

@article{da2005adaptive,
  title={Adaptive streaming based on IEEE 802.11 signal quality},
  author={Da Concei{\c{c}}{\~a}o, Arlindo Fl{\'a}vio and Kon, Fabio},
  journal={Signal},
  volume={2},
  pages={2--5},
  year={2005}
}

@INPROCEEDINGS{Winkler01perceptualvideo,
    author = {Stefan Winkler and Animesh Sharma and David McNally},
    title = {Perceptual Video Quality and Blockiness Metrics for Multimedia Streaming Applications},
    booktitle = {in Proceedings of the International Symposium on Wireless Personal Multimedia Communications},
    year = {2001},
    pages = {547--552}
}


@article{winkler2008evolution,
  title={The evolution of video quality measurement: from {PSNR} to hybrid metrics},
  author={Winkler, Stefan and Mohandas, Praveen},
  journal={Broadcasting, IEEE Transactions on},
  volume={54},
  number={3},
  pages={660--668},
  year={2008},
  publisher={IEEE}
}

@article{robinson2012subjective,
  title={Subjective video quality assessment of HTTP adaptive streaming technologies},
  author={Robinson, David C and Jutras, Yves and Craciun, Viorel},
  journal={Bell Labs Technical Journal},
  volume={16},
  number={4},
  pages={5--23},
  year={2012},
  publisher={Wiley Online Library}
}

@inproceedings{TELECOM_BRETAGNE-12782,
author = {Singh, Kamal Deep and Hadjadj-Aoul, Yassine and Rubino, Gerardo},
title = {{Quality of experience estimation for adaptive HTTP/TCP video streaming using H.264/AVC}},
booktitle = {IEEE CCNC 2012: 10th annual IEEE consumer communications \&network conference},
year = {2012}
}

@inproceedings{dalal2012assessing,
  title={Assessing {QoE} of on-demand {TCP} video streams in real time},
  author={Dalal, Amy Csizmar and Bouchard, Andy K and Cantor, Sara and Guo, Yiran and Johnson, Anya},
  booktitle={Communications (ICC), 2012 IEEE International Conference on},
  pages={1165--1170},
  year={2012},
  organization={IEEE}
}

@inproceedings{latre2008line,
  title={On-line estimation of the {QoE} of progressive download services in multimedia access networks.},
  author={Latr{\'e}, Steven and Staelens, Nicolas and Simoens, Pieter and De Vleeschauwer, Bart and Van de Meerssche, Wim and De Turck, Filip and Dhoedt, Bart and Demeester, Piet and Van den Berghe, Steven and Huysegems, Rafael and others},
  booktitle={Proceedings of ICOMP2008, the 2008 International Conference on Internet Computing (part of Worldcomp2008)},
  pages={181--187},
  year={2008}
}

@inproceedings{mok2011measuring,
  title={Measuring the quality of experience of {HTTP} video streaming},
  author={Mok, Ricky KP and Chan, Edmond WW and Chang, Rocky KC},
  booktitle={Integrated Network Management (IM), 2011 IFIP/IEEE International Symposium on},
  pages={485--492},
  year={2011},
  organization={IEEE}
}
@article{seufertsurvey,
  title={A Survey on Quality of Experience of {HTTP} Adaptive Streaming},
  author={Seufert, Michael and Egger, Sebastian and Slanina, Martin and Zinner, Thomas and Hossfeld, Tobias and Tran-Gia, Phuoc},
  journal={Communications Surveys and Tutorials, IEEE},
	volume={PP},
	issue={99},
	year={2014},
	month= sep,
	doi = {10.1109/COMST.2014.2360940}
}

@inproceedings{Qi2006,
  added-at = {2007-01-22T00:00:00.000+0100},
  author = {Qi, Yining and Dai, Mingyuan},
  booktitle = {IIH-MSP},
  date = {2007-01-22},
  description = {dblp},
  pages = {423-426},
  publisher = {IEEE Computer Society},
  timestamp = {2007-01-22T00:00:00.000+0100},
  title = {The Effect of Frame Freezing and Frame Skipping on Video Quality.},
  year = 2006
}

  

@article{leister2011adaptive,
  title={Adaptive video streaming through estimation of subjective video quality},
  author={Leister, Wolfgang and Boudko, Svetlana and Halbach R{\o}ssvoll, Till},
  journal={International Journal On Advances in Systems and Measurements},
  volume={4},
  number={1 and 2},
  pages={109--121},
  year={2011}
}